% example .bib file from
% http://www.math.duke.edu/computing/tex/templates/database.bib

% -----------------Conferances--------------------------

@conference{Ful83,
   author = "William {Fulton}",
    title = "Introduction to intersection theory in algebraic geometry",
booktitle = "Regional Conference Series in Mathematics",
   number = 54,
     year = 1983}
     

@conference{Rob99,
    author = "Axel {Roebel}",
    title = "Morphing Sound Attractors",
    booktitle = "3rd. World Multiconference on Systemics, Cybernetics and Informatics (SCI'99) and the 5th. Int'l Conference on Information Systems Analysis and Synthesis (ISAS'99), 1999, Florida, United States, Proc. of the 3rd. World Multiconference on Systemics, Cybernetics and Informatics (SCI'99), 5th. Int'l Conference on Information Systems Analysis and Synthesis (ISAS'99)",
    year = 1999}
    
@inproceedings{roebel:hal-01161334,
  TITLE = "Efficient Spectral Envelope Estimation and its application to pitch shifting and envelope preservation",
  AUTHOR = "Axel {Roebel} et Xavier {Rodet}",
  URL = "https://hal.archives-ouvertes.fr/hal-01161334",
  NOTE = {cote interne IRCAM: Roebel05b,
  Journal = "International Conference on Digital Audio Effects",
  ADDRESS = "Madrid",
  PAGES = "pp. 30 -- 35",
  YEAR = 2005,
  Month = septembre
}


% -----------------Proceedings--------------------------
@inproceedings{GANs,
  author = "Ian {Goodfellow}, Jean {Pouget-Abadie}, Bing {Xu}, David {Warde-Farley}, Sherjil {Ozair}, Aaron {Courville}, Yoshua {Bengio}",
  title = "Generative Adversarial Networks",
  Journal = "Proceedings of the International Conference on Neural Information Processing Systems (NIPS)",
  year = 2004,
  pages = "pp. 2672–2680"
  }
     
@inproceedings{GMP81,
   author = "Mark {Goresky} et Robert {MacPherson}",
    title = "On the topology of complex algebraic maps",
booktitle = "Algebraic Geometry Proceedings, La R\'abida,
             Lecture Notes in Mathematics",
   Volume = 961,
     year = 1981}   

@article{robel:hal-01253228,
  TITLE = "Morphing Sound Attractors",
  AUTHOR = "Axel {Roebel}",
  URL = "https://hal.archives-ouvertes.fr/hal-01253228",
  Journal = "3rd. World Multiconference on Systemics, Cybernetics and Informatics (SCI'99) and the 5th. Int'l Conference on Information Systems Analysis and Synthesis (ISAS'99)",
  ADDRESS = "Florida",
  YEAR = 1999,
  }

@inproceedings{roebel2010shape,
  title="Shape-invariant speech transformation with the phase vocoder",
  author="Roebel, Axel",
  year=2010
}



% -----------------BOOKS--------------------------

//Livres


@book{Holder,
  authors = "L. P. {Kuptsov}",
  title = "Hölder inequality",
  editor = "Encyclopedia of Mathematics",
  publisher = "Springer Science+Business Media B.V. et Kluwer Academic Publishers",
  address =  "Hazewinkel",
  year = 1994
  }

@book{Grochenig,
  author = "Karlheinz {Gröchenig}",
  title = "Foundations of Time-Frequency Analysis",
  address = "Birkhäuser Boston",
  year = 2001
  }
    
@book{Roads97,
  author = "Curtis {Roads}, Stephen Travis {Pope}, Aldo {Piccialli}, Giovanni {De Poli}",
   title = "Musical Signal Processing",
  address = "Londres et New York",
    year = 1997
    isbn = "9781134379705",
    publisher = "Taylor \& Francis"
    }

@book{Herm1895,
  author = "Hermann L F. {Helmholtz}",
   title = "The Sensations of Tone",
  address = "New York",
    year = 1895}
    

@book{Kli09,
  author = "Michael Kateley {Klingbeil}",
   title = "Spectral Analysis, Editing and Resynthesis: Methods and Applications",
  address = "Université de Columbia",
    year = 2009}


@book{Roads1996,
 author = "Curtis {Roads}",
 title = "The  Computer Music Tutorial",
 year = "1996",
 isbn = "0262680823",
 publisher = "MIT Press",
 address = "Cambridge, MA, USA",
} 

    
@book{Dr11,
  author = "Tadej {Droljc}",
  title = "STFT Analysis Driven Sonographic Sound Processing in Real-Time using Max/MSP and Jitter",
  school = "Université de Hull",
  year = 2011
}
    
@inproceedings{Gr08,
    author = "Gérald {Grisey}",
    title = "Écrits ou l'invention de la musique spectrale",
    editor = "édition réalisée par Guy Lelong et la collaboration d'Anne-Marie Réby",
    publisher = "MF Éditions",
    address = "Paris",
    year = 2008
}   


     
% -----------------Online Sources--------------------------


@misc{Audiosculpt,
  author = "Coralie {Diatkine}",
  title = "AudioSculpt 3.0 User Manual",
  editor = "Coralie {Diatkine}",
  publisher = "IRCAM",
  year = 2011,
  url = "http://support.ircam.fr/docs/AudioSculpt/3.0/co/FFT%20Size.html"
}

@misc{cycling74,
  author = "Cycling74.com",
  title = "Max8 release date",
  Year = 2018,
  url = "https://cycling74.com",
  urldate = "16 mai 2019",
  urldate = "14 juillet 2018"
  }

@misc{Tut2002,
    author = "Javier R. {Movellan}",
    title = "A tutorial on Gabor Filters",
    Year = 2008,
    url = "http://mplab.ucsd.edu/tutorials/gabor.pdf",
    urldate = "14 juillet 2018"}
    
@misc{Eng17,
    author = "Jesse {Engel}",
    title = "Making a Neural Synthesizer Instrument",
    Year = 2018,
    url = "https://magenta.tensorflow.org/nsynth-instrument",
    urldate = "13 janvier 2019"}
    
@misc{HCHMA15,
    author = "Joachim {Heinz}, Andes {Cabrerra}, Alex {Hofmann}, Iain {McCurdy} et Alexandre {Abrioux}",
    title = "Fourier Transformation / Spectral Processing",
    booktitle = "Floss Manuals"
    Year = 2015,
    url = "http://write.flossmanuals.net/csound/i-fourier-analysis-spectral-processing/"
    urldate = "10 juillet 2018"}  

@misc{DL06,
    author = "Richard {Dudas} et Cort {Lippe}",
    title = "The Phase Vocoder - Part I",
    month = "2 novembre",
    year = 2006,
    url = "https://cycling74.com/tutorials/the-phase-vocoder-%E2%80%93-part-i",
    urldate = "20 aout 2018"} 

@misc{DL07,
    author = "Richard {Ducas} et Cort {Lippe}",
    title = "The Phase Vocoder - Part II",
    month = "2 juillet",
    year = 2007,
    url = "https://cycling74.com/tutorials/the-phase-vocoder-part-ii", 
    urldate = "20 aout 2018"} 

@misc{RissetParcours,
  author = "Vincent Tiffon",
  title = "Jean-Claude Risset",
  month = "6 janvier",
  year = "2012",
  isbn = "2557-8928",
  school = "Ircam-Centre Pompidou",
  url ="http://brahms.ircam.fr/jean-claude-risset",
  urldate = "9 septembre 2019"
}


% -----------------Unpublished--------------------------

@mastersthesis{Kar17,
  author = "Emmanouil-Nikolaos {Karystinaios}",
   title = "An investigation into the spectral music idiom and timbral analysis functionality with Max SMP Jitter",
    note = "preprint",
   month = "Septembre",
    year = 2017}

@phdthesis{Bol05,
  author = "Jonathan {Boley}",
   title = "Auditory Component analysis using perceptual pattern recognition to identify and extract independent components from an auditory scenee",
  school = "Université de Miami",
    year = 2005}

@masterthesis{GR10,
  author = "Johannes {Grünwald}",
  title = "Theory, Implementation and Evaluation of the Digital Phase Vocoder in the Context of Audio Effects",
  school = "Université de technologie de Gratz",
  year = 2010
}

    

% -----------------ARTICLES--------------------------

@article{beltran2003additive,
  title={Additive synthesis based on the continuous wavelet transform: A sinusoidal plus transient model},
  author={Beltr{\'a}n, Jos{\'e} R et Beltr{\'a}n, Fernando},
  journal={DAFX03},
  volume={3},
  pages={1--6},
  year={2003},
  publisher={Citeseer}
}

@article{hirata1996sounds,
  title={The sounds of the sounds themselves: Analyzing the early music of Morton Feldman},
  author={Hirata, Catherine Costello},
  journal={Perspectives of New Music},
  pages={6--27},
  year={1996},
  publisher={JSTOR}
}

@article{FFTmirror,
  author = "P. G. Reshma, P. Gopi Varun, Babu V. Suresh, Wahid Khabou",
  title = "Analog implementation of FFT using cascade current mirror",
  journal = "Microelectronics Journal",
  volume = 60,
  month = "fevrier"
  year = 2017
  pages = "pp. 30-37F"
}

@article{Fourier_complex,
  author = "James {Cooley} et John W. {Tukey}",
  title = "An algorithm for the machine calculation of complex Fourier series",
  journal = "JSTOR",
  year = 1965
}

@article{flanagan, 
  author = "J. L. {Flanagan} et R. M. {Golden}", 
  title = "Phase vocoder", 
  journal = "The Bell System Technical Journal", 
  year = 1966, 
  volume = 45, 
  number = 9, 
  pages = "pp. 1493-1509", 
  month = "Nov"
  }

@article{DoLa99,
    author = "Mark {Dolson} et Jean {Laroche}",
    title = "{Impoved Phase Vocoder Time-Scale Modification of Audio}",
    journal = "IEEE Transactions on Speech and Audio Processing",
    volume = "Vol. 7",
    version = 3,
    month = "mai",
    year = {1999},
}

@article{GrL84,
  author = "Daniel W. {Griffin} et Jae S. {Lim}",
   title = "Signal Estimation from Modified Short-Time Fourier Transform",
 journal = "IEE Transactions on acoustics, speech, and signal processing",
  volume = "ISSE Vol. 32",
  month = "Avril",
    year = 1984,
   pages = "pp. 236--243",}

@inproceedings{freitascaetano:hal-00604390,
  TITLE = "{Automatic timbral Morphing of Musical Instrument Sounds by High-Level Descriptors}",
  AUTHOR = "Freitas {Caetano}, Xavier {Marcelo} et Xavier {Rodet}",
  URL = "https://hal.archives-ouvertes.fr/hal-00604390",
  Journal = "International Computer Music Conference",
  ADDRESS = "United States",
  PAGES = "pp. 11 -- 21",
  YEAR = {2010},
  MONTH = "juin",
  PDF = "https://hal.archives-ouvertes.fr/hal-00604390/file/caetano-ICMC2010-cameraready.pdf",
}

@article{Ch08,
    author = "Jean-François {Charles}",
    title = "A tutorial on Spectral Sound Processing Using MaxMSP and Jitter",
    journal = "Computer Music Journal",
    month = "Printemps",
    year = 2008,
    pages = "pp. 87 -- 102",}
    
@article{Dol86,
    author = "Mark {Dolson}",
    title = "The phase vocoder : a tutorial",
    journal = "Computer Music Journal",
    month = "Printemps",
    year = 1986,
    pages = "pp. 14 -- 27",
    }
    
@article{Sch09,
    author = "Alan V. {Oppenheim} et Ronald W. {Schafer}",
    title = "Discrete-Time Signal Processing",
    journal = "Prentice Hall Press",
    address = "New York",
    pages = "pp. 822 -- 835",
    year = "2009",}

    
@article{Sm97,
    author = "Steven W. {Smith}",
    title = "The Scientist and Engineer's Guide to Digital Signal Processing",
    journal = "California Technical Publishing",
    address = "San Diego",
    year = 1997
    }
    
@article{Str85,
    author = "Jown {Strawn}",
    title = "Introduction to Digital Sound Synthesis",
    journal = "Digital Audio Engineering",
    address = "University of Michigan",
    year = 1985,
    pages = "pp. 141 -- 134",
    }
  
@article{KVYJ07,
    author = "Richard {Kronalnd-Martinet}, Thierry {Voinier}, Solvi {Ystad} et Kristoffer {Jensen}",
    title = "Computer Music Modeling and Retrieval",
    journal = "4th international Symposium CMMR",
    address = "Paris",
    year = 2007,
    } 
    
@article{Fin00,
    author = "Joshua {Fineberg}",
    title = "Guide to the Basic Concepts and Techniques of Spectral Music",
    journal = "Contemporary Music Review",
    year = 2000,
    pages = "pp. 81 -- 113",
    } 
    
@article{Gab44,
    author = "Dennis {Gabor}",
    title = "Theory of Communication",
    journal = "ICMC",
    address = "Berlin",
    year = 1944,
    } 

@inproceedings{olivero:hal-00682959,
  TITLE = "Sound morphing strategies based on alterations of time-frequency representations by Gabor multipliers",
  AUTHOR = "Olivero {Ana{\"i}k}, Olivero {Torr{\'e}sani}, Bruno {Depalle} et Richard {Kronland-Martinet} ",
  URL = "https://hal.archives-ouvertes.fr/hal-00682959",
  Journal = "AES 45th International Conference on Applications of Time-Frequency Processing in Audio",
  ADDRESS = "Helsinki",
  PAGES = " pp. 17",
  YEAR = 2012,
  MONTH = "mars",
}

@inproceedings{roebel:hal-01161124,
  TITLE = "A new approach to transient processing in the phase vocoder",
  AUTHOR = " Axel {Roebel}",
  URL = "https://hal.archives-ouvertes.fr/hal-01161124",
  Journal = "6th International Conference on Digital Audio Effects (DAFx)",
  ADDRESS = "Londrais",
  PAGES = "pp. 344 -- 349",
  YEAR = 2003,
  MONTH = "septebre",
}

@inproceedings{roebel:hal-01161125,
  TITLE = "Transient detection and preservation in the phase vocoder",
  AUTHOR = "Axel {Roebel}",
  URL = {https://hal.archives-ouvertes.fr/hal-01161125},
  Journal = "International Computer Music Conference (ICMC)",
  ADDRESS = "Singapore",
  PAGES = " pp. 247 -- 250",
  YEAR = 2003,
  MONTH = "octobre",
}
    
@article{Pee04,
    author = "Geoffroy {Peeters}",
    title = "A large set of audio features for sound description in the CUIDADO project",
    journal = "A large set of Audio Feautures for Sound Description",
    address = "Paris",
    year = 2004,
    } 

@article{Se02,
    author = "Anne {Sédes}",
    title = "Spectralisme français, du domaine fréquenctiel au domaine temporel, analyse, modélisation, synthèse. . . et prospectives",
    journal = "The Foundations of Contemporary Composing",
    address = "Stuttgart",
    year = 2002,
    }
    
@article{RVR07,
    author = "Axel {Roebel}, Fernando {Villavicencio} et Xavier {Rodet}",
    title = "On cesptral and all-pole based spectral envelope modeling witg unknown model order",
    journal = "Pattern Recognition Letters",
    Number = 28,
    year = 2007,
    pages = "pp. 1343 -- 1350" 
    } 

  % The history of the vocoder

  @article{mills2012media,
  title={Media and prosthesis: the vocoder, the artificial larynx, and the history of signal processing},
  author={Mills, Mara},
  journal={Qui Parle: Critical Humanities and Social Sciences},
  volume={21},
  number={1},
  pages={107--149},
  year={2012},
  publisher={JSTOR}
}


% Risset quote

@inproceedings{risset1991timbre,
  title={Timbre analysis by synthesis: representations, imitations, and variants for musical composition},
  author={Risset, Jean-Claude},
  booktitle={Representations of musical signals},
  pages={7--43},
  year={1991},
  organization={MIT Press}
}

% Dolson on spectrum diagram

@phdthesis{dolson1983,
  title={A tracking phase vocoder and its use in the analysis of ensemble sounds},
  author={Dolson, Mark Barry},
  year={1983},
  school={California Institute of Technology}
}

% applications artistiques du vocodeur

@article{wishart1988composition,
  title={The Composition of Vox-5},
  author={Wishart Trevor},
  journal={Computer Music Journal},
  volume={12},
  number={4},
  pages={21--27},
  year={1988},
  publisher={JSTOR}
}

@article{serra1989system,
  title={A system for sound analysis/transformation/synthesis based on a deterministic plus stochastic decomposition},
  author={Serra, Xavier},
  year={1989}
}

@book{roads2004microsound,
  title={Microsound},
  author={Roads, Curtis},
  year={2004},
  publisher={MIT press}
}

@article{moorer1976synthesis,
  title={The synthesis of complex audio spectra by means of discrete summation formulas},
  author={Moorer, James A},
  journal={Journal of the Audio Engineering Society},
  volume={24},
  number={9},
  pages={717--727},
  year={1976},
  publisher={Audio Engineering Society}
}


@article{portnoff1976implementation,
  title={Implementation of the digital phase vocoder using the fast Fourier transform},
  author={Portnoff, M},
  journal={IEEE Transactions on Acoustics, Speech, and Signal Processing},
  volume={24},
  number={3},
  pages={243--248},
  year={1976},
  publisher={IEEE}
}

@inproceedings{puckette1995phase,
  title={Phase-locked vocoder},
  author={Puckette, Miller},
  booktitle={Proceedings of 1995 Workshop on Applications of Signal Processing to Audio and Accoustics},
  pages={222--225},
  year={1995},
  organization={IEEE}
}

@book{holmes2012electronic,
  title={Electronic and experimental music: technology, music, and culture},
  author={Holmes, Thom},
  year={2012},
  publisher={Routledge}
}

@article{risset1966computer,
  title={Computer study of trumpet tones (with sound examples)},
  author={Risset, JC},
  journal={Bell Laboratories Report},
  year={1966},
  publisher={Bell Labs}
}

@book{havelock2008handbook,
  title={Handbook of signal processing in acoustics},
  author={Havelock, David and Kuwano, Sonoko and Vorl{\"a}nder, Michael},
  year={2008},
  publisher={Springer Science \& Business Media}
}

@article{ottosen2017phase,
  title={A phase vocoder based on nonstationary Gabor frames},
  author={Ottosen, Emil Solsb{\ae}k and Dorfler, Monika and Ottosen, Emil Solsbaek and Dorfler, Monika},
  journal={IEEE/ACM Transactions on Audio, Speech and Language Processing (TASLP)},
  volume={25},
  number={11},
  pages={2199--2208},
  year={2017},
  publisher={IEEE Press}
}